<?xml version="1.0" encoding="UTF-8"?>
<record xmlns="http://www.loc.gov/MARC21/slim" xmlns:xsi="http://www.w3.org/2001/XMLSchema-instance" xsi:schemaLocation="http://www.loc.gov/MARC21/slim http://www.loc.gov/standards/marcxml/schema/MARC21slim.xsd">
<leader>     cam a2200229 a 4500</leader>
<controlfield tag="001">001679587</controlfield>
<controlfield tag="003">NNU</controlfield>
<controlfield tag="005">20001218215236.0</controlfield>
<controlfield tag="008">900306s1955    ua            000 0 ara d</controlfield>
<datafield tag="035" ind1="9" ind2=" ">
<subfield code="a">NYUb12222979</subfield>
</datafield>
<datafield tag="035" ind1=" " ind2=" ">
<subfield code="a">(HOL)AIX7288-8/Law/1</subfield>
</datafield>
<datafield tag="035" ind1=" " ind2=" ">
<subfield code="a">(CStRLIN)MAHL90-B1532</subfield>
</datafield>
<datafield tag="040" ind1=" " ind2=" ">
<subfield code="a">MH-L</subfield>
<subfield code="c">MH-L</subfield>
</datafield>
<datafield tag="043" ind1=" " ind2=" ">
<subfield code="a">a-le---</subfield>
</datafield>
<datafield tag="100" ind1="1" ind2=" ">
<subfield code="a">Tyan, Émile.</subfield>
</datafield>
<datafield tag="245" ind1="1" ind2="3">
<subfield code="a">al-Qānūn al-madanī al-Lubnānī :</subfield>
<subfield code="b">al-niẓām al-ʻaqārī fī Lubnān : muḥāḍarāt /</subfield>
<subfield code="c">alqāhā Imīl Tyān.</subfield>
</datafield>
<datafield tag="260" ind1=" " ind2=" ">
<subfield code="a">[al-Qāhirah] :</subfield>
<subfield code="b">Jāmiʻat al-Duwal al-ʻArabīyah, Maʻhad al-Dirāsāt al-ʻArabīyah al-ʻĀlīyah,</subfield>
<subfield code="c">1955.</subfield>
</datafield>
<datafield tag="300" ind1=" " ind2=" ">
<subfield code="a">98 p. ;</subfield>
<subfield code="c">25 cm.</subfield>
</datafield>
<datafield tag="500" ind1=" " ind2=" ">
<subfield code="a">"Alá Ṭalabat Qism al-Dirāsāt al-Qānūnīyah 1954."</subfield>
</datafield>
<datafield tag="650" ind1=" " ind2="0">
<subfield code="a">Real property</subfield>
<subfield code="z">Lebanon.</subfield>
</datafield>
<datafield tag="OWN" ind1=" " ind2=" ">
<subfield code="a">GENERAL</subfield>
</datafield>
<datafield tag="950" ind1=" " ind2=" ">
<subfield code="l">BMAIN</subfield>
<subfield code="a">JQ1825.L4</subfield>
<subfield code="b">T9</subfield>
</datafield>
<datafield tag="955" ind1=" " ind2=" ">
<subfield code="l">BMAIN</subfield>
<subfield code="c">1</subfield>
<subfield code="r">028407958</subfield>
</datafield>
<datafield tag="998" ind1=" " ind2=" ">
<subfield code="s">9114</subfield>
</datafield>
<datafield tag="AVA" ind1=" " ind2=" ">
<subfield code="a">NYU50</subfield>
<subfield code="b">BOBST</subfield>
<subfield code="c">Main Collection</subfield>
<subfield code="d">JQ1825.L4 T9</subfield>
<subfield code="e">unavailable</subfield>
<subfield code="t">Unavailable</subfield>
<subfield code="f">1</subfield>
<subfield code="g">1</subfield>
<subfield code="h">N</subfield>
<subfield code="i">0</subfield>
<subfield code="j">MAIN</subfield>
<subfield code="k">0</subfield>
</datafield>
</record>
